<collection xmlns="http://www.loc.gov/MARC21/slim">
<record>
  <leader>01059nam0a22002651i 450 </leader>
  <controlfield tag="001">IT\ICCU\CNCE\041359</controlfield>
  <controlfield tag="005">20100505000000.0</controlfield>
  <datafield tag="012" ind1=" " ind2=" ">
    <subfield code="a">anor ono, t.u- seSe (C) 1544 (R)</subfield>
    <subfield code="2">fei</subfield>
  </datafield>
  <datafield tag="100" ind1=" " ind2=" ">
    <subfield code="a">19981125d1544        0itac0103    ba</subfield>
  </datafield>
  <datafield tag="101" ind1=" " ind2=" ">
    <subfield code="a">ITA</subfield>
  </datafield>
  <datafield tag="102" ind1=" " ind2=" ">
    <subfield code="a">IT</subfield>
  </datafield>
  <datafield tag="200" ind1="1" ind2=" ">
    <subfield code="a">Stadera del formento</subfield>
  </datafield>
  <datafield tag="210" ind1=" " ind2=" ">
    <subfield code="a">In Modona</subfield>
    <subfield code="c">per Ant. Gadaldino</subfield>
    <subfield code="d">1544</subfield>
  </datafield>
  <datafield tag="215" ind1=" " ind2=" ">
    <subfield code="a">\62! c.</subfield>
    <subfield code="d">4ʻ</subfield>
  </datafield>
  <datafield tag="300" ind1=" " ind2=" ">
    <subfield code="a">Il nome dell&apos;autore si ricava dalla dedica</subfield>
  </datafield>
  <datafield tag="620" ind1=" " ind2=" ">
    <subfield code="a">IT</subfield>
    <subfield code="d">Modena</subfield>
  </datafield>
  <datafield tag="700" ind1=" " ind2="1">
    <subfield code="a">Lancillotti,</subfield>
    <subfield code="b">Tommasino</subfield>
    <subfield code="3">IT\ICCU\CNCA\011265</subfield>
  </datafield>
  <datafield tag="712" ind1="0" ind2="0">
    <subfield code="a">Gadaldini, Antonio</subfield>
    <subfield code="3">IT\ICCU\CNCT\000978</subfield>
    <subfield code="4">650</subfield>
  </datafield>
  <datafield tag="790" ind1=" " ind2="1">
    <subfield code="a">Bianchi,</subfield>
    <subfield code="b">Tommasino</subfield>
    <subfield code="3">IT\ICCU\CNCA\012786</subfield>
    <subfield code="z">Lancillotti, Tommasino</subfield>
  </datafield>
  <datafield tag="790" ind1=" " ind2="1">
    <subfield code="a">Lancillotti,</subfield>
    <subfield code="b">Tomasino : de&apos;</subfield>
    <subfield code="3">IT\ICCU\CNCA\022757</subfield>
    <subfield code="z">Lancillotti, Tommasino</subfield>
  </datafield>
  <datafield tag="791" ind1="0" ind2="0">
    <subfield code="a">Gadaldinus, Antonius</subfield>
    <subfield code="3">IT\ICCU\CNCT\004804</subfield>
    <subfield code="z">Gadaldini, Antonio</subfield>
  </datafield>
  <datafield tag="791" ind1="0" ind2="0">
    <subfield code="a">Gadaldino, Antonio</subfield>
    <subfield code="3">IT\ICCU\CNCT\004805</subfield>
    <subfield code="z">Gadaldini, Antonio</subfield>
  </datafield>
  <datafield tag="801" ind1=" " ind2="3">
    <subfield code="a">IT</subfield>
    <subfield code="b">ICCU</subfield>
    <subfield code="c">20201114</subfield>
  </datafield>
  <datafield tag="899" ind1=" " ind2=" ">
    <subfield code="a">Biblioteca Estense Universitaria. Modena</subfield>
    <subfield code="1">MO0089</subfield>
    <subfield code="2">MOD BE</subfield>
  </datafield>
  <datafield tag="899" ind1=" " ind2=" ">
    <subfield code="a">Archivio di Stato di Modena. Modena</subfield>
    <subfield code="1">MO0172</subfield>
    <subfield code="2">ZMO 19</subfield>
  </datafield>
</record>
</collection>
